% Encoding: UTF-8

@Article{Brock2018,
  author        = {{Brock}, A. and {Donahue}, J. and {Simonyan}, K.},
  title         = {{Large Scale GAN Training for High Fidelity Natural Image Synthesis}},
  journal       = {ArXiv e-prints},
  year          = {2018},
  month         = sep,
  eprint        = {1809.11096},
  adsnote       = {Provided by the SAO/NASA Astrophysics Data System},
  adsurl        = {http://adsabs.harvard.edu/abs/2018arXiv180911096B},
  archiveprefix = {arXiv},
  keywords      = {Computer Science - Machine Learning, Statistics - Machine Learning},
}

@Article{Ledig2016,
  author        = {Christian Ledig and Lucas Theis and Ferenc Huszar and Jose Caballero and Andrew P. Aitken and Alykhan Tejani and Johannes Totz and Zehan Wang and Wenzhe Shi},
  title         = {{Photo-Realistic Single Image Super-Resolution Using a Generative Adversarial Network}},
  journal       = {CoRR},
  year          = {2016},
  volume        = {abs/1609.04802},
  eprint        = {1609.04802},
  url           = {http://arxiv.org/abs/1609.04802},
  archiveprefix = {arXiv},
  bibsource     = {dblp computer science bibliography, https://dblp.org},
  biburl        = {https://dblp.org/rec/bib/journals/corr/LedigTHCATTWS16},
  timestamp     = {Mon, 13 Aug 2018 16:48:38 +0200},
}

@Article{Wu2017,
  author        = {Huikai Wu and Shuai Zheng and Junge Zhang and Kaiqi Huang},
  title         = {{GP-GAN:} {Towards Realistic High-Resolution Image Blending}},
  journal       = {CoRR},
  year          = {2017},
  volume        = {abs/1703.07195},
  eprint        = {1703.07195},
  url           = {http://arxiv.org/abs/1703.07195},
  archiveprefix = {arXiv},
  bibsource     = {dblp computer science bibliography, https://dblp.org},
  biburl        = {https://dblp.org/rec/bib/journals/corr/Wu0ZH17},
  timestamp     = {Mon, 13 Aug 2018 16:46:07 +0200},
}

@Article{Wang2017,
  author        = {Ting{-}Chun Wang and Ming{-}Yu Liu and Jun{-}Yan Zhu and Andrew Tao and Jan Kautz and Bryan Catanzaro},
  title         = {{High-Resolution Image Synthesis and Semantic Manipulation with Conditional GANs}},
  journal       = {CoRR},
  year          = {2017},
  volume        = {abs/1711.11585},
  eprint        = {1711.11585},
  url           = {http://arxiv.org/abs/1711.11585},
  archiveprefix = {arXiv},
  bibsource     = {dblp computer science bibliography, https://dblp.org},
  biburl        = {https://dblp.org/rec/bib/journals/corr/abs-1711-11585},
  timestamp     = {Mon, 13 Aug 2018 16:46:00 +0200},
}

@Article{Zhu2017,
  author        = {Jun{-}Yan Zhu and Taesung Park and Phillip Isola and Alexei A. Efros},
  title         = {{Unpaired Image-to-Image Translation using Cycle-Consistent Adversarial Networks}},
  journal       = {CoRR},
  year          = {2017},
  volume        = {abs/1703.10593},
  eprint        = {1703.10593},
  url           = {http://arxiv.org/abs/1703.10593},
  archiveprefix = {arXiv},
  bibsource     = {dblp computer science bibliography, https://dblp.org},
  biburl        = {https://dblp.org/rec/bib/journals/corr/ZhuPIE17},
  timestamp     = {Mon, 13 Aug 2018 16:48:06 +0200},
}

@Article{Gadelha2016,
  author        = {Matheus Gadelha and Subhransu Maji and Rui Wang},
  title         = {{3D Shape Induction from 2D Views of Multiple Objects}},
  journal       = {CoRR},
  year          = {2016},
  volume        = {abs/1612.05872},
  eprint        = {1612.05872},
  url           = {http://arxiv.org/abs/1612.05872},
  archiveprefix = {arXiv},
  bibsource     = {dblp computer science bibliography, https://dblp.org},
  biburl        = {https://dblp.org/rec/bib/journals/corr/GadelhaMW16},
  timestamp     = {Mon, 13 Aug 2018 16:48:59 +0200},
}

@Article{Zhang2016,
  author        = {Han Zhang and Tao Xu and Hongsheng Li and Shaoting Zhang and Xiaolei Huang and Xiaogang Wang and Dimitris N. Metaxas},
  title         = {{StackGAN: Text to Photo-realistic Image Synthesis with Stacked Generative Adversarial Networks}},
  journal       = {CoRR},
  year          = {2016},
  volume        = {abs/1612.03242},
  eprint        = {1612.03242},
  url           = {http://arxiv.org/abs/1612.03242},
  archiveprefix = {arXiv},
  bibsource     = {dblp computer science bibliography, https://dblp.org},
  biburl        = {https://dblp.org/rec/bib/journals/corr/ZhangXLZHWM16},
  timestamp     = {Mon, 13 Aug 2018 16:47:11 +0200},
}

@Book{nla.cat-vn1821482,
  author        = {Matheron, G.},
  title         = {Random sets and integral geometry [by] G. Matheron},
  year          = {1974},
  language      = {English},
  publisher     = {Wiley New York},
  isbn          = {0471576212},
  pages         = {xxiii, 261 p.},
  catalogue-url = { https://nla.gov.au/nla.cat-vn1821482 },
  life-dates    = { 1974 - 1975 },
  subjects      = { Geometric probabilities.; Random sets.; Integral geometry.; Set theory. },
  type          = {Book},
}

@Article{Mosser2017,
  author        = {Lukas Mosser and Olivier Dubrule and Martin J. Blunt},
  title         = {Reconstruction of three-dimensional porous media using generative adversarial neural networks},
  journal       = {CoRR},
  year          = {2017},
  volume        = {abs/1704.03225},
  eprint        = {1704.03225},
  url           = {http://arxiv.org/abs/1704.03225},
  archiveprefix = {arXiv},
  bibsource     = {dblp computer science bibliography, https://dblp.org},
  biburl        = {https://dblp.org/rec/bib/journals/corr/MosserDB17},
  timestamp     = {Mon, 13 Aug 2018 16:48:15 +0200},
}

@Article{Poiraudeau2003,
  author        = {f. Poiraudeau, J},
  title         = {Efficient processing of Minkowski functionals on a 3D binary image using binary decision diagrams},
  year          = {2003},
  month         = {02},
  __markedentry = {[astro:]},
}

@Article{Kingma2014,
  author        = {Diederik P. Kingma and Jimmy Ba},
  title         = {Adam: {A} Method for Stochastic Optimization},
  journal       = {CoRR},
  year          = {2014},
  volume        = {abs/1412.6980},
  eprint        = {1412.6980},
  url           = {http://arxiv.org/abs/1412.6980},
  __markedentry = {[astro:6]},
  archiveprefix = {arXiv},
  bibsource     = {dblp computer science bibliography, https://dblp.org},
  biburl        = {https://dblp.org/rec/bib/journals/corr/KingmaB14},
  timestamp     = {Mon, 13 Aug 2018 16:47:35 +0200},
}

@Comment{jabref-meta: databaseType:biblatex;}
